 @article{Kazanina2017,
  title   = {Predicting complex syntactic structure in real time: Processing of negative sentences in Russian},
  volume  = {70},
  journal = {Quarterly Journal of Experimental Psychology},
  author  = {Kazanina, Nina},
  year    = {2017},
  pages   = {2200–2218}
}
 @article{Schumacher-Yoshida2016,
  title    = {On the Structural Representation of Syntactic Prediction},
  author   = {Schumacher, R Alex and Yoshida, Masaya},
  year     = {2016},
  language = {en}
}
 @article{Yoshida-Dickey-Sturt2013,
  title    = {Predictive processing of syntactic structure: Sluicing and ellipsis in real-time sentence processing},
  volume   = {28},
  issn     = {0169-0965, 1464-0732},
  doi      = {10.1080/01690965.2011.622905},
  number   = {3},
  journal  = {Language and Cognitive Processes},
  author   = {Yoshida, Masaya and Dickey, Michael Walsh and Sturt, Patrick},
  year     = {2013},
  month    = {Apr},
  pages    = {272–302},
  language = {en}
}
 @article{Sturt2003, title={The Time-Course of the Application of Binding Constraints in Reference Resolution}, volume={48}, number={3}, journal={Journal of Memory and Language}, author={Sturt, Patrick}, year={2003}, pages={542–562} }

 @article{Kazanina-Lau-Lieberman-Yoshida-Phillips2007, title={The Effect of Syntactic Constraints on the Processing of Backwards Anaphora}, volume={56}, number={3}, journal={Journal of Memory and Language}, author={Kazanina, Nina and Lau, Ellen and Lieberman, Moti and Yoshida, Masaya and Phillips, Colin}, year={2007}, pages={389–409} }
